@comment{

Este es el archivo de referencias bibliogr'aficas, que incluye tambi'en algunos
ejemplos de c'omo capturar la informaci'on de tus referencias.

Algunas de las referencias m'as comunes son art'iculos de revista,
estos se escriben como se muestra acontinuaci'on. Nota que los nombres
de los autores se separan siempre por la palabra " and ", *incluso* si el
documento de tesis est'a escrito en espa~nol. El sistema cambiara ese "and"
por el apropiado "y".

}



@article{munozutilizacion,
  title={Utilizaci{\'o}n de {\'a}rboles sem{\'a}nticos para la comprensi{\'o}n de textos especializados a partir de su terminolog{\'\i}a},
  author={Mu{\~n}oz, Manuel Sevilla and Ot{\'o}n, Elena Mac{\'\i}as},
  booktitle={Anales de filolog{\'\i}a francesa},
  volume={18},
  pages={477--493},
  year={2010}
}



@article{goldberg2014word2vec,
  title={word2vec Explained deriving Mikolov et al s negative-sampling word-embedding method},
  author={Goldberg, Yoav and Levy, Omer},
   journal = {arXiv preprint arXiv:1402.3722},
  year={2014}
}

@article{MONTESYGOMEZ2005,
   title = {{Miner\~A\-a de Texto empleando la Semejanza entre Estructuras Sem\~A!`nticas}},
   journal = {{Computaci{\'o}n y Sistemas}},
   author={Montes y G, Manuel AND Gelbukh, Alexander AND L, Aurelio},
   ISSN = {1405-5546},
   language = {es},
   URL = {http://www.scielo.org.mx/scielo.php?script=sci_arttext&pid=S1405-55462005000300008&nrm=iso},
   volume = {9},
   year = {2005},
   month = {09},
   pages = {63 - 81},
   publisher = {scielomx},
   }


@article{VIVAS2013,
   title = {{Relaciones conceptuales: definici{\'o}n del constructo, bases neuroanat{\'o}micas y formas de evaluaci{\'o}n}},
   journal = {{Actualidades en psicolog\~A\-a}},
   author={Vivas, Leticia AND Coni, Ana Gar},
   ISSN = {0258-6444},
   language = {es},
   URL = {http://pepsic.bvsalud.org/scielo.php?script=sci_arttext&pid=S0258-64442013000100002&nrm=iso},
   volume = {27},
   year = {2013},
   month = {00},
   pages = {1 - 18},
   publisher = {scielopepsic}
   }
   
@article{Hearts2013,
    title={What Is Text Mining?},
    author={Marti Hearst },
    journal={ New York Times},
    year={2003},
    month={10},
    url={http://people.ischool.berkeley.edu/~hearst/text-mining.html}

}



@article{sebastiani2002machine,
  title={Machine learning in automated text categorization},
  author={Sebastiani, Fabrizio},
  journal={ACM computing surveys (CSUR)},
  volume={34},
  number={1},
  pages={1--47},
  year={2002},
  publisher={ACM}
}


@article{jain2010data,
  title={Data clustering: 50 years beyond K-means},
  author={Jain, Anil K},
  journal={Pattern recognition letters},
  volume={31},
  number={8},
  pages={651--666},
  year={2010},
  publisher={Elsevier}
}

@inproceedings{cui2010context,
  title={Context preserving dynamic word cloud visualization},
  author={Cui, Weiwei and Wu, Yingcai and Liu, Shixia and Wei, Furu and Zhou, Michelle X and Qu, Huamin},
  booktitle={Visualization Symposium (PacificVis), 2010 IEEE Pacific},
  pages={121--128},
  year={2010},
  organization={IEEE}
}

@article{troyano2003identificacion,
  title={Identificaci{\'o}n de entidades con nombre basada en modelos de Markov y {\'a}rboles de decisi{\'o}n.},
  author={Troyano, Jos{\'e} A and D{\'i}az, V{'\i}ctor J and Enr{\'i}quez, Fernando and Barroso, Javier and Carrillo, Vicente},
  journal={Procesamiento del lenguaje natural},
  volume={31},
  year={2003}
}

@article{figuerola2004algunas,
  title={Algunas t{\'e}cnicas de clasificaci{\'o}n autom{\'a}tica de documentos},
  author={Figuerola, Carlos G and Berrocal, Jos{\'e} L Alonso and Rodr{\'i}guez, Angel F Zazo and Rodr{\'i}guez, Emilio and Reina, Grupo},
  journal={Cuadernos de documentaci{\'o}n multimedia, ISSN-e},
  pages={1575--9733},
  year={2004}
}

@article{llorens1998caracteristicas,
  title={Caracter{\'i}sticas textuales como medida cualitativa de la informaci{\'o}n en la generaci{\'o}n semiautom{\'a}tica de tesauros.},
  author={Llorens, J and Velasco, M and Moreiro, JA and Morato, J},
  journal={Procesamiento del Lenguaje Natural},
  volume={23},
  year={1998}
}

@article{santana2014aplicacion,
  title={Aplicaci{\'o}n de Algoritmos de Clasificaci{\'o}n de Miner{\'i}a de Textos para el Reconocimiento de Habilidades de E-tutores Colaborativos},
  author={Santana Mansilla, Pablo Fernando and Costaguta, Rosanna Nieves and Missio, Daniela},
  year={2014},
  publisher={Sociedad Iberoamericana de Inteligencia Artificial}
}

@article{barrera2016mineria,
  title={Miner{\'\i}a de texto en la clasificaci{\'o}n de documentos digitales},
  author={Barrera, Marcial Contreras},
  journal={Biblios: Journal of Librarianship and Information Science},
  number={64},
  pages={33--43},
  year={2016}
}

@article{rodriguez2018metodos,
  title={LOS M{\'E}TODOS DE APRENDIZAJE AUTOM{\'A}TICO SUPERVISADO EN LA CLASIFICACI{\'O}N TEXTUAL SEG{\'U}N EL GRADO DE ESPECIALIZACI{\'O}N},
  author={Rodr{\'\i}guez-Tapia, Sergio and Camacho-Ca{\~n}am{\'o}n, Julio},
  journal={Tonos Digital},
  volume={35},
  number={0},
  year={2018},
  publisher={Miguel Angel Olmedo Chica}
}

@phdthesis{ropero2014metodo,
  title={M{\'e}todo para la evaluaci{\'o}n autom{\'a}tica de la organizaci{\'o}n de textos argumentativos},
  author={Ropero Montejo, Fabi{\'a}n Trinidad and others},
  year={2014},
  school={Universidad Nacional de Colombia}
}

@inproceedings{grobelnik2002exploiting,
  title={Exploiting text mining in publishing and education},
  author={Grobelnik, Marko and Mladenic, Dunja and Jermol, Mitja},
  booktitle={Proceedings of the ICML-2002 workshop on data mining lessons learned},
  pages={34--39},
  year={2002}
}

@article{cobo2006tecnicas,
  title={T{\'e}cnicas de representaci{\'o}n de textos para clasificaci{\'o}n no supervisada de documentos.},
  author={Cobo, Germ{\'a}n and Sevillano, Xavier and Al{\'\i}as, Francesc and Socor{\'o}, Joan Claudi},
  journal={Procesamiento del lenguaje natural},
  volume={37},
  year={2006}
}

@article{neto2000document,
  title={Document clustering and text summarization},
  author={Neto, Joel Larocca and Santos, Alexandre D and Kaestner, Celso AA and Alexandre, Neto and Santos, D and others},
  year={2000},
  publisher={Citeseer}
}

@article{arco2006agrupamiento,
  title={Agrupamiento de documentos textuales mediante m{\'e}todos concatenados},
  author={Arco, Leticia and Bello, Rafael and Mederos, Juan M and P{\'e}rez, Yoisy},
  journal={Inteligencia Artificial. Revista Iberoamericana de Inteligencia Artificial},
  volume={10},
  number={30},
  year={2006},
  publisher={Asociaci{\'o}n Espa{\~n}ola para la Inteligencia Artificial}
}

@article{zhang2010understanding,
  title={Understanding bag-of-words model: a statistical framework},
  author={Zhang, Yin and Jin, Rong and Zhou, Zhi-Hua},
  journal={International Journal of Machine Learning and Cybernetics},
  volume={1},
  number={1-4},
  pages={43--52},
  year={2010},
  publisher={Springer}
}


@article{cabrera2015swa,
  title={SWA: ontolog{\'\i}a para la gesti{\'o}n de conocimiento sobre trabajos de grado},
  author={Cabrera, Omar E and Guerrero, Jimmy M and Benavides, Mauricio F and an Pereira, Ricardo Timar},
  journal={Revista Ontare},
  volume={1},
  number={2},
  pages={183--214},
  year={2015}
}

@article{restrepo2015maskana,
  title={MASKANA: un gestor de conocimiento para recuperaci{\'o}n y b{\'u}squeda inteligente de trabajos de grado en la Universidad de Nari{\~n}o},
  author={Restrepo, Jimmy Guerrero and Pereira, Ricardo Timar{\'a}n},
  journal={Revista Tecnol{\'o}gica-ESPOL},
  volume={28},
  number={5},
  year={2015}
}




@article{estes2011trophic,
  title={Trophic downgrading of planet Earth},
  author={Estes, James A and Terborgh, John and Brashares, Justin S and Power, Mary E and Berger, Joel and Bond, William J and Carpenter, Stephen R and Essington, Timothy E and Holt, Robert D and Jackson, Jeremy BC and others},
  journal={science},
  volume={333},
  number={6040},
  pages={301--306},
  year={2011},
  publisher={American Association for the Advancement of Science}
}



@misc{LinoAlbertoUrdanetaFernandez,
  title={Reducir el número de palabras de un texto: lematización y radicalización (stemming)},
  author={Urdaneta Fernández,Lino Alberto},
  journal={science},
  year={2018},
  publisher={medium},
  url={https://medium.com/qu4nt/reducir-el-n%C3%BAmero-de-palabras-de-un-texto-lematizaci%C3%B3n-y-radicalizaci%C3%B3n-stemming-con-python-965bfd0c69fa}
  
}



@comment{

Los que siguen son ejemplos de libros.

}

@misc{tan2005introduction,
  title={Introduction to data mining. 1st pag 547},
  author={Tan, Pang-Ning and Steinbach, Michael and Kumar, Vipin},
  year={2005},
  publisher={Boston: Pearson Addison Wesley. xxi}
}

@inproceedings{cui2010context,
  title={Context preserving dynamic word cloud visualization},
  author={Cui, Weiwei and Wu, Yingcai and Liu, Shixia and Wei, Furu and Zhou, Michelle X and Qu, Huamin},
  booktitle={Visualization Symposium (PacificVis), 2010 IEEE Pacific},
  pages={121--128},
  year={2010},
  organization={IEEE}
}


@inproceedings{lin2001bookem,
  title={Thematic relations in adults concepts},
  author={Lin E, Murphy G},
  booktitle={Thematic relations in adults concepts, Journal of Experimental},
  pages={03--28},
  year={2001},
  organization={Psychology General Journal of Experimental}
}

@mastersthesis{pardo2009aplicacion,
  title={Aplicaci{\'o}n del modelo BAG-OF-WORDS al reconocimiento de im{\'a}genes},
  author={Pardo Feijoo, Sara},
  type={{B.S.} thesis},
  year={2009}
}

@mastersthesis{gomesGarcia,
  title={Asignaci{\'o}n no supervisada para desambiguaci{\'o}n din{\'a}mica del nombre de los autores en citaciones bibliogr{\'a}ficas},
  author={Gómez García, Carlos Andrés},
  type={{B.S.} thesis},
  year={2018},
  publisher={Universidad de Buenos Aires. Facultad de Ciencias Exactas y Naturales}
}


@mastersthesis{DescubrimientoPatrones,
  title={Descubrimiento de patrones temporales en un corpus de letras de música folklórica y del rock rioplatense,
  author={Bach, Ana Josefina},
  type={{B.S.} thesis},
  year={2017},
  publisher={Universidad de Buenos Aires. Facultad de Ciencias Exactas y Naturales}
}





@book{aggarwal2012mining,
  title={Mining text data},
  author={Aggarwal, Charu C and Zhai, ChengXiang},
  year={2012},
  publisher={Springer Science \& Business Media}
}

@article{ahmed2012timeline,
  title={Timeline: A dynamic hierarchical Dirichlet process model for recovering birth/death and evolution of topics in text stream},
  author={Ahmed, Amr and Xing, Eric P},
  journal={arXiv preprint arXiv:1203.3463},
  year={2012}
}

@article{heuer2015semantic,
  title={Semantic and stylistic text analysis and text summary evaluation},
  author={Heuer, Hendrik and others},
  year={2015}
}

@article{sahlgren2005methods,
  title={Methods and Applications of Semantic Indexing Workshop at the 7th International Conference on Terminology and Knowledge Engineering},
  author={Sahlgren, M},
  journal={Copenhagen: GTW},
  year={2005}
}

@article{bruni2014multimodal,
  title={Multimodal distributional semantics},
  author={Bruni, Elia and Tran, Nam-Khanh and Baroni, Marco},
  journal={Journal of Artificial Intelligence Research},
  volume={49},
  pages={1--47},
  year={2014}
}

@article{mikolov2013efficient,
  title={Efficient estimation of word representations in vector space},
  author={Mikolov, Tomas and Chen, Kai and Corrado, Greg and Dean, Jeffrey},
  journal={arXiv preprint arXiv:1301.3781},
  year={2013}
}

@article{cardellinoproyecto,
  title={Proyecto Final: Representaci{\'o}n de Palabras Mediante Vectores},
  author={Cardellino, Cristian A}
}





@article{de1998aplicacion,
  title={La aplicaci{\'o}n de Redes Neuronales Artificiales (RNA): a la recuperaci{\'o}n de la informaci{\'o}n},
  author={de Moya Aneg{\'o}n, F{\'e}lix and Solana, V{\'\i}ctor Herrero and Bote, Vicente Guerrero},
  journal={Bibliodoc: anuari de biblioteconomia, documentaci{\'o} i informaci{\'o}},
  pages={147--164},
  year={1998}
}

@book{rajasekaran2003neural,
  title={Neural networks, fuzzy logic and genetic algorithm: synthesis and applications (with cd)},
  author={Rajasekaran, Sanguthevar and Pai, GA Vijayalakshmi},
  year={2003},
  publisher={PHI Learning Pvt. Ltd.}
}

@article{yuan2014new,
  title={A new study based on word2vec and cluster for document categorization},
  author={Yuan, Yanhong and He, Liming and Peng, Li and Huang, Zhixing},
  journal={Journal of Computational Information Systems},
  volume={10},
  number={21},
  pages={9301--9308},
  year={2014}
}

@article{tong2001support,
  title={Support vector machine active learning with applications to text classification},
  author={Tong, Simon and Koller, Daphne},
  journal={Journal of machine learning research},
  volume={2},
  number={Nov},
  pages={45--66},
  year={2001}
}

@article{feldman2007advanced,
  title={Advanced Approaches in Analyzing Unstructured Data},
  author={Feldman, Ronen and Sanger, James},
  journal={The Text Mining Handbook, Cambrige University},
  year={2007}
}


@article{viera2017tecnicas,
  title={T{\'e}cnicas de aprendizaje de m{\'a}quina utilizadas para la miner{\'\i}a de texto},
  author={Viera, Angel Freddy Godoy},
  journal={Investigaci{\'o}n bibliotecol{\'o}gica},
  volume={31},
  number={71},
  pages={103--126},
  year={2017},
  publisher={UNAM, Instituto de Investigaciones Bibliotecol{\'o}gicas y de la Informaci{\'o}n}
}


@book{feldman2007text,
  title={The text mining handbook: advanced approaches in analyzing unstructured data},
  author={Feldman, Ronen and Sanger, James},
  year={2007},
  publisher={Cambridge university press}
}


@book{berry2010text,
  title={Text mining: applications and theory},
  author={Berry, Michael W and Kogan, Jacob},
  year={2010},
  publisher={John Wiley \& Sons}
}

@book{witten2016data,
  title={Data Mining: Practical machine learning tools and techniques},
  author={Witten, Ian H and Frank, Eibe and Hall, Mark A and Pal, Christopher J},
  year={2016},
  publisher={Morgan Kaufmann}
}

@article{manning2010introduction,
  title={Introduction to information retrieval},
  author={Manning, Christopher and Raghavan, Prabhakar and Sch{\"u}tze, Hinrich},
  journal={Natural Language Engineering},
  volume={16},
  number={1},
  pages={100--103},
  year={2010},
  publisher={Cambridge university press}
}

@book{witten2016data,
  title={Data Mining: Practical machine learning tools and techniques},
  author={Witten, Ian H and Frank, Eibe and Hall, Mark A and Pal, Christopher J},
  year={2016},
  publisher={Morgan Kaufmann}
}

@inproceedings{wang2011new,
  title={A new partitioning based algorithm for document clustering},
  author={Wang, Zonghu and Liu, Zhijing and Chen, Donghui and Tang, Kai},
  booktitle={2011 Eighth International Conference on Fuzzy Systems and Knowledge Discovery (FSKD)},
  volume={3},
  pages={1741--1745},
  year={2011},
  organization={IEEE}
}

@book{rao1995c++,
  title={C++, neural networks and fuzzy logic},
  author={Rao, Valluru B and Rao, Hayagriva},
  year={1995},
  publisher={Mis: Press}
}

@misc{valluru1996c++,
  title={C++ neural networks and fuzzy logic},
  author={Valluru, RAO and Hayagriva, Rao},
  year={1996},
  publisher={BPB Publications}
}

@article{beebe2011post,
  title={Post-retrieval search hit clustering to improve information retrieval effectiveness: Two digital forensics case studies},
  author={Beebe, Nicole Lang and Clark, Jan Guynes and Dietrich, Glenn B and Ko, Myung S and Ko, Daijin},
  journal={Decision Support Systems},
  volume={51},
  number={4},
  pages={732--744},
  year={2011},
  publisher={Elsevier}
}

@inproceedings{le2014distributed,
  title={Distributed representations of sentences and documents},
  author={Le, Quoc and Mikolov, Tomas},
  booktitle={International conference on machine learning},
  pages={1188--1196},
  year={2014}
}





@book{witten2016data,
  title={Data Mining: Practical machine learning tools and techniques},
  author={Witten, Ian H and Frank, Eibe and Hall, Mark A and Pal, Christopher J},
  year={2016},
  publisher={Morgan Kaufmann}
}

@incollection{suh2010extraction,
  title={Extraction of Meaningful Rules in a Medical Database},
  author={Suh, Sang C and Pabbisetty, Nagendra B and Anaparthi, Sri G},
  booktitle={Machine Learning},
  year={2010},
  publisher={IntechOpen}
}

@mastersthesis{capello2018sistema,
  title={Sistema de recomendaci{\'o}n para textos legales},
  author={Capello, Agust{\'\i}n Aldo and others},
  type={{B.S.} thesis},
  year={2018}
}



